@inproceedings{balasubramanian2018harnessing,
  title={Harnessing the power of many: Extensible toolkit for scalable ensemble applications},
  author={Balasubramanian, Vivek and Turilli, Matteo and Hu, Weiming and Lefebvre, Matthieu and Lei, Wenjie and Modrak, Ryan and Cervone, Guido and Tromp, Jeroen and Jha, Shantenu},
  booktitle={2018 IEEE International Parallel and Distributed Processing Symposium (IPDPS)},
  pages={536--545},
  year={2018},
  organization={IEEE}
}

@inproceedings{merzky2018using,
  title={Using Pilot Systems to Execute Many Task Workloads on Supercomputers},
  author={Merzky, Andre and Turilli, Matteo and Maldonado, Manuel and Santcroos, Mark and Jha, Shantenu},
  editor={Klus{\'a}{\v{c}}ek, Dalibor and Cirne, Walfredo and Desai, Narayan},
  booktitle={Job Scheduling Strategies for Parallel Processing: 22nd International Workshop, JSSPP 2018, Vancouver, BC, Canada, May 25, 2018, Revised Selected Paper},
  year={2019},
  pages={61--82},
  organization={Springer},
}

@article{turilli2018comprehensive,
  title={A comprehensive perspective on pilot-job systems},
  author={Turilli, Matteo and Santcroos, Mark and Jha, Shantenu},
  journal={ACM Computing Surveys (CSUR)},
  volume={51},
  number={2},
  pages={43},
  year={2018},
  publisher={ACM}
}